@article{smith_random_1996,
  author = {W. Smith and M. J. Gillan},
  year = {1996},
  journal = {Inf. Q. Comput. Simul. Condens. Phases},
  pages = {54--64},
  title = {{T}he {R}andom {W}alk and the {M}ean {S}quared {D}isplacement}
}