@ARTICLE{kresse_ab_1993,
    author = {{Kresse}, G. and {Hafner}, J.},
    title = {Ab initio molecular dynamics for liquid metals},
    journal = {Phys. Rev. B},
    year = {1993}, 
    volume = {47},
    number = {1},
    pages = {558(R)},
    doi = {10.1103/PhysRevB.47.558}
}

@ARTICLE{kresse_ab_1994,
    author = {{Kresse}, G. and {Hafner}, J.},
    title = {Ab initio molecular-dynamics simulation of the liquid-metal-amorphous-semiconductor transition in germanium},
    journal = {Phys. Rev. B},
    year = {1994}, 
    volume = {49},
    number = {20},
    pages = {14251},
    doi = {10.1103/PhysRevB.49.14251}
}

@misc{mccluskey_arxiv_2023,
      title={Accurate Estimation of Diffusion Coefficients and their Uncertainties from Computer Simulation}, 
      author={{McCluskey}, A. R. and {Coles}, S. W. and {Morgan}, B. J.},
      year={2023},
      eprint={2305.18244},
      archivePrefix={arXiv},
      primaryClass={cond-mat.stat-mech}
}

@article{foreman_emcee_2019,
  doi = {10.21105/joss.01864},
  year = {2019},
  volume = {4},
  number = {43},
  pages = {1864},
  author = {{Foreman-Mackey}, D and {Farr}, W. M. and {Sinha}, M. and {Archibald}, A. M. and {Hogg}, D. W. and {Sanders}, J. S. and {Zuntz}, J. and {Williams}, P. K. G. and {Nelson}, A. R. J. and {de Val-Borro}, M. and {Erhardt}, T. and {Pashchenko}, I. and {Pla}, O. A.},
  title = {emcee v3: A Python ensemble sampling toolkit for affine-invariant MCMC},
  journal = {J. Open Source Softw.}
}

@ARTICLE{kresse_efficiency_1996,
    author = {{Kresse}, G. and {Furthm\u{u}ller}, J.},
    title = {Efficiency of ab-initio total energy calculations for metals and semiconductors using a plane-wave basis set},
    journal = {Comput. Mat. Sci.},
    year = {1996}, 
    volume = {6},
    number = {1},
    pages = {15-50},
    doi = {10.1016/0927-0256(96)00008-0}
}

@ARTICLE{kresse_efficient_1996,
    author = {{Kresse}, G. and {Furthm\u{u}ller}, J.},
    title = {Efficient iterative schemes for ab initio total-energy calculations using a plane-wave basis set},
    journal = {Phys. Rev. B},
    year = {1996}, 
    volume = {54},
    number = {16},
    pages = {11169},
    doi = {10.1103/PhysRevB.54.11169}
}

@INCOLLECTION{gowers_python_2016,
    author = {{Gowers}, R. J. and {Linke}, M. and {Barnoud}, J. and {Reddy}, T. J. E. and {Melo}, M. N. and {Seyler}, S. L. and {Dotson}, D. L. and {Domanski}, J. and {Buchoux}, S. and {Kenney}, I. M. and {Beckstein}, O.},
    title = {MDAnalysis: A Python package for the rapid analysis of molecular dynamics simulations},
    pages = {98-105},
    booktitle = {Procceedsing of the 15th Python in Science Conference},
    publisher = {SciPy},
    editor = {{Benthall}, S. and {Rostrup}, S.},
    address = {Austin, USA},
    year = {2016},
    doi = {10.25080/majora-629e541a-00e}
}

@ARTICLE{michaud_mdanalysis_2011,
    author = {{Michaud-Agrawal}, N. and {Denning}, E. J. and {Woolf}, T. B. and {Beckstein}, O.},
    title = {MDAnalysis: A Toolkit for the Analysis of Molecular Dynamics Simulations},
    journal = {J. Comput. Chem.},
    year = {2011}, 
    volume = {32},
    number = {10},
    pages = {2319-2327},
    doi = {10.1002/jcc.21787}
}

@ARTICLE{mccluskey_uravu_2020,
    author = {{McCluskey}, A. R. and {Snow}, T.},
    title = {uravu: making Bayesian modelling easy(er)},
    year = {2020},
    journal = {J. Open Source Softw.},
    volume = {5},
    number = {50},
    pages = {2214},
    doi = {10.21105/joss.02214}
}

@ARTICLE{ong_python_2013,
    author = {{Ong}, S. P. and {Richards}, W. D. and {Jain}, A. and {Hautier}, G. and {Kocher}, M. and {Cholia}, S. and {Gunter}, D. and {Chevrier}, V. and {Persson}, K. A. and {Ceder}, G.},
    title = {Python Materials Genomics (pymatgen) : A Robust, Open-Source Python Library for Materials Analysis},
    journal = {Comput. Mat. Sci.},
    year = {2013}, 
    volume = {68},
    pages = {314-319},
    doi = {10.1016/j.commatsci.2012.10.028}
}

@article{larsen_atomic_2017,
  doi = {10.1088/1361-648x/aa680e},
  url = {https://doi.org/10.1088/1361-648x/aa680e},
  year = {2017},
  month = jun,
  publisher = {{IOP} Publishing},
  volume = {29},
  number = {27},
  pages = {273002},
  author = {Larsen, A. H. and Mortensen, J. J. and Blomqvist, J. and Castelli, I. E. and Christensen, R. and Du{\l}ak, M. and Friis, J. and Groves, M. N. and Hammer, B. and Hargus, C. and Hermes, E. D. and Jennings, P. C. and Jensen, P. B. and Kermode, J. and Kitchin, J. R. and Kolsbjerg, E. L. and Kubal, J. and Kaasbjerg, K. and Lysgaard, S. and Maronsson, J. B. and Maxson, T. and Olsen, T. and Pastewka, L. and Peterson, A. and Rostgaard, C. and Schi{\o}tz, J. and Sch\"{u}tt, O. and Strange, M. and Thygesen, K. S. and Vegge, T. and Vilhelmsen, L. and Walter, M. and Zeng, Z. and Jacobsen, K. W.},
  title = {The atomic simulation environment{\textemdash}a Python library for working with atoms},
  journal = {J. Phys.: Condens. Matter}
}

@article{Goodman2010,
  doi = {10.2140/camcos.2010.5.65},
  url = {https://doi.org/10.2140/camcos.2010.5.65},
  year = {2010},
  month = jan,
  publisher = {Mathematical Sciences Publishers},
  volume = {5},
  number = {1},
  pages = {65--80},
  author = {Jonathan Goodman and Jonathan Weare},
  title = {Ensemble samplers with affine invariance},
  journal = {Communications in Applied Mathematics and Computational Science}
}

@book{allen2017,
  title     = {Computer Simulation of Liquids},
  author    = {M. P. Allen and D. K. Tildesley},
  year      = 2017,
  publisher = {Oxford University Press},
  address   = {Oxford, UK},
  edition	= {2}
}

@article{morgan_relationships_2014,
  doi = {10.1103/physrevlett.112.145901},
  year = {2014},
  volume = {112},
  number = {14},
  author = {Benjamin J. Morgan and Paul A. Madden},
  title = {Relationships between Atomic Diffusion Mechanisms and Ensemble Transport Coefficients in Crystalline Polymorphs},
  journal = {Phys. Rev. Lett.}
}

@article{morgan_mechanistic_2021,
  doi = {10.1021/acs.chemmater.0c03738},
  year = {2021},
  volume = {33},
  number = {6},
  pages = {2004--2018},
  author = {B. J. Morgan},
  title = {Mechanistic Origin of Superionic Lithium Diffusion in Anion-Disordered {L}i$_6${PS}$_5$${X}$ Argyrodites},
  journal = {Chem. Mater.}
}

@article{poletayev_defect_2022,
  doi = {10.1038/s41563-022-01316-z},
  year = {2022},
  volume = {21},
  pages = {1066--1073},
  author = {A. D. Poletayev and J. A. Dawson and M. S. Islam and A. M. Lindenberg},
  title = {{D}efect-driven anomalous transport in fast-ion conducting solid electrolytes},
  journal = {Nat. Mater.}
}

@article{klepis_long_2009,
  doi = {10.1016/j.sbi.2009.03.004},
  year = {2009},
  volume = {19},
  number = {2},
  pages = {120--127},
  author = {J. L Klepeis and K. Lindorff-Larsen and R. O Dror and D. E Shaw},
  title = {Long-timescale molecular dynamics simulations of protein structure and function},
  journal = {Curr. Op. Struct. Biol.}
}

@article{wang_application_2011,
  doi = {10.1002/jcc.21939},
  year = {2011},
  volume = {32},
  number = {16},
  pages = {3505--3519},
  author = {J. Wang and T. Hou},
  title = {{A}pplication of molecular dynamics simulations in molecular property prediction {II}: {D}iffusion coefficient},
  journal = {J. Comput. Chem.}
}

@article{zelovich_hydroxide_2019,
  doi = {10.1021/acs.chemmater.9b01824},
  year = {2019},
  volume = {31},
  number = {15},
  pages = {5778--5787},
  author = {T. Zelovich and L. Vogt-Maranto and M. A. Hickner and S. J. Paddison and C. Bae and D. R. Dekel and M. E. Tuckerman},
  title = {{H}ydroxide {I}on {D}iffusion in {A}nion-{E}xchange {M}embranes at {L}ow {H}ydration: {I}nsights from {A}b {I}nitio {M}olecular {D}ynamics},
  journal = {Chem. Mater.}
}

@article{sendner_interfacial_2009,
  doi = {10.1021/la901314b},
  year = {2009},
  volume = {25},
  number = {18},
  pages = {10768--10781},
  author = {C. Sendner and D. Horinek and L. Bocquet and R. R. Netz},
  title = {Interfacial Water at Hydrophobic and Hydrophilic Surfaces: Slip,  Viscosity,  and Diffusion},
  journal = {Langmuir}
}

@article{shimizu_structural_2015,
  doi = {10.1039/c5cp03414k},
  year = {2015},
  volume = {17},
  number = {34},
  pages = {22321--22335},
  author = {K. Shimizu and A. A. Freitas and R. Atkin and G. G. Warr and P. A. FitzGerald and H. Doi and S. Saito and K. Ueno and Y. Umebayashi and M. Watanabe and J. N. Canongia Lopes},
  title = {Structural and aggregate analyses of ({L}i salt + glyme) mixtures: the complex nature of solvate ionic liquids},
  journal = {Phys. Chem. Chem. Phys.}
}